@article{sefraoui2012openstack,
  title={OpenStack: toward an open-source solution for cloud computing},
  author={Sefraoui, Omar and Aissaoui, Mohammed and Eleuldj, Mohsine},
  journal={International Journal of Computer Applications},
  volume={55},
  number={3},
  year={2012},
  publisher={Foundation of Computer Science}
}

@article{armbrust2010view,
  title={A view of cloud computing},
  author={Armbrust, Michael and Fox, Armando and Griffith, Rean and Joseph, Anthony D and Katz, Randy and Konwinski, Andy and Lee, Gunho and Patterson, David and Rabkin, Ariel and Stoica, Ion and others},
  journal={Communications of the ACM},
  volume={53},
  number={4},
  pages={50--58},
  year={2010},
  publisher={ACM}
}

@inproceedings{rehman2011teaching,
  title={Teaching the cloud-experiences in designing and teaching an undergraduate-level course in cloud computing at the Carnegie Mellon University in qatar},
  author={Rehman, M Suhail and Sakr, Majd F},
  booktitle={2011 IEEE Global Engineering Education Conference (EDUCON)},
  pages={875--879},
  year={2011},
  organization={IEEE}
}

@article{bhardwaj2010cloud,
  title={Cloud computing: A study of infrastructure as a service (IAAS)},
  author={Bhardwaj, Sushil and Jain, Leena and Jain, Sandeep},
  journal={International Journal of engineering and information Technology},
  volume={2},
  number={1},
  pages={60--63},
  year={2010}
}

@article{mell2011nist,
  title={The NIST definition of cloud computing},
  author={Mell, Peter and Grance, Tim},
  year={2011},
  publisher={Computer Security Division, Information Technology Laboratory, National Institute of Standards and Technology Gaithersburg}
}

@phdthesis{leite2016influencia,
  title={A influ{\^e}ncia das informa{\c{c}}{\~o}es de hardware e software nos servi{\c{c}}os de IaaS: uma abordagem sobre desempenho de m{\'a}quinas virtuais em nuvem},
  author={Filho, Leite and Machado, Dionisio},
  year={2016},
  school={Universidade de S{\~a}o Paulo}
}

@inproceedings{siegel2012cloud,
  title={Cloud services measures for global use: the service measurement index (SMI)},
  author={Siegel, Jane and Perdue, Jeff},
  booktitle={2012 Annual SRII Global Conference},
  pages={411--415},
  year={2012},
  organization={IEEE}
}

@mastersthesis{bui2016,
  title={Cloud network performance analysis: an openstack case study},
  author={Tuan Anh Bui},
  year={2016},
  school={Universit{\'e} Catholique de Louvain}
}

@misc{openstack,
  title={OpenStack Kilo installation guide},
  author={OpenStack},
  year={2016},
  month={May},
  url={http://docs.openstack.org/kilo/install-guide/install/apt/openstack-install-guide-apt-kilo.pdf}
}

@misc{openstack_general,
  title={OpenStack website},
  author={OpenStack Foundation},
  year={2016},
  url={https://www.openstack.org/}
}

@misc{openstack_liberty,
  title={OpenStack Liberty Release Notes},
  author={OpenStack Foundation},
  year={2015},
  url={https://wiki.openstack.org/wiki/ReleaseNotes/Liberty}
}

@misc{openstack_kilo,
  title={OpenStack Kilo},
  author={OpenStack Foundation},
  year={2015},
  url={https://www.openstack.org/software/kilo/}
}

@article{bardsiri2014,
  title={QoS Metrics for Cloud Computing Services Evaluation},
  author={Bardsiri, Amid Khatibi and Hashemi, Seyyed Mohsen},
  journal={Intelligent Systems and Applications},
  pages={27--23},
  month={November}
  year={2014}
}

@inproceedings{li2012,
  title={On a catalogue of metrics for evaluating commercial cloud services},
  author={Li, Zheng and O'Brien, Liam and Zhang, He and Cai, Rainbow},
  booktitle={Proceedings of the 2012 ACM/IEEE 13th International Conference on Grid Computing},
  pages={164--173},
  year={2012},
  organization={IEEE Computer Society}
}

@inproceedings{garg2011,
  title={Smicloud: A framework for comparing and ranking cloud services},
  author={Garg, Saurabh Kumar and Versteeg, Steve and Buyya, Rajkumar},
  booktitle={Utility and Cloud Computing (UCC), 2011 Fourth IEEE International Conference on},
  pages={210--218},
  year={2011},
  organization={IEEE}
}

@article{soltani2016,
  title={IaaS Cloud Service Selection using Case-Based Reasoning},
  author={Soltani, SIMA},
  year={2016},
  publisher={Canadian theses}
}

@inproceedings{karim2013,
  title={An end-to-end QoS mapping approach for cloud service selection},
  author={Karim, Raed and Ding, Chen and Miri, Ali},
  booktitle={2013 IEEE Ninth World Congress on Services},
  pages={341--348},
  year={2013},
  organization={IEEE}
}

@misc{centos,
  title={CentOS website},
  author={CentOS Project},
  url={https://www.centos.org/}
}